@book{brzezniak2000basic,
  title={Basic stochastic processes: a course through exercises},
  author={Brzezniak, Zdzislaw and Zastawniak, Tomasz},
  year={2000},
  publisher={Springer Science and Business Media}
}

@book{steele2012stochastic,
  title={Stochastic calculus and financial applications},
  author={Steele, J Michael},
  volume={45},
  year={2012},
  publisher={Springer Science and Business Media}
}

@book{shreve2012stochasticI,
  title={Stochastic calculus for finance I: the binomial asset pricing model},
  author={Shreve, Steven},
  year={2012},
  publisher={Springer Science and Business Media}
}

@book{shreve2004stochasticII,
  title={Stochastic calculus for finance II: Continuous-time models},
  author={Shreve, Steven E},
  volume={11},
  year={2004},
  publisher={Springer Science and Business Media}
}